@book{alrw,
title = "Algorithmic Learning in a Random World",
author = "Vladimir Vovk and Alex Gammerman and Glenn Shafer",
year = "2005",
language = "English",
publisher = "Springer",
}

@book{elem_stat,
title = "The Elements of Statistical Learning",
author = "Trevor Hastie and Robert Tibshirani and Jerome Friedman",
year = "2009",
edition = "Second",
language = "English",
publisher = "Springer",
}

@book{cprml,
 title = "Conformal Prediction for Reliable Machine Learning: Theory, Adaptations and Applications",
 author = "Vineeth Balasubramanian and Shen-Shyang Ho and Vladimir Vovk",
 year = "2014",
 isbn = "0123985374, 9780123985378",
 edition = "First",
 publisher = "Morgan Kaufmann Publishers Inc.",
 address = "San Francisco, CA, USA",
}

@article{vovk_et_al_1999,
title = "Machine-Learning Applications of Algorithmic Randomness",
author = "Vladimir Vovk and Alex Gammerman and Craig Saunders",
year = "1999",
}

@article{saunders_et_al_1999,
title = "Transduction with Confidence and Credibility",
author = "Craig Saunders and Alex Gammerman and Vladimir Vovk",
year = "1999",
}

@article{smirnov_et_al_2009,
title = "Meta-conformity approach to reliable classification",
author = "Evgueni Smirnov and Georgi Nalbantovi and A. M. Kaptein",
year = "2009",
month = "01",
volume = "13",
journal = "Intelligent Data Analysis",
doi = "10.3233/IDA-2009-0400"
}

@article{shafer_et_al_2008,
 title = "A Tutorial on Conformal Prediction",
 author = "Glenn Shafer and Vladimir Vovk",
 journal = "Journal of Machine Learning Research",
 issue_date = "6/1/2008",
 volume = "9",
 month = "jun",
 year = "2008",
 issn = "1532-4435",
 pages = "371--421",
 numpages = "51",
 acmid = "1390693",
 publisher = "JMLR.org",
}

@article{lecun_et_al_1989,
 author = "Y. LeCun and B. Boser and J. S. Denker and D. Henderson and R. E. Howard and W. Hubbard and L. D. Jackel",
 title = {Backpropagation Applied to Handwritten Zip Code Recognition},
 journal = {Neural Comput.},
 issue_date = {Winter 1989},
 volume = {1},
 number = {4},
 month = dec,
 year = {1989},
 issn = {0899-7667},
 pages = {541--551},
 numpages = {11},
 url = {http://dx.doi.org/10.1162/neco.1989.1.4.541},
 doi = {10.1162/neco.1989.1.4.541},
 acmid = {1351090},
 publisher = {MIT Press},
 address = {Cambridge, MA, USA},
}

@article{vanderlooy_et_al_2009,
 author = {Stijn Vanderlooy and Ida G. Sprinkhuizen-Kuyper and Evgueni N. Smirnov and H. Jaap van den Herik},
 title = {The ROC Isometrics Approach to Construct Reliable Classifiers},
 journal = {Intell. Data Anal.},
 issue_date = {January 2009},
 volume = {13},
 number = {1},
 month = jan,
 year = {2009},
 issn = {1088-467X},
 pages = {3--37},
 numpages = {35},
 url = {http://dl.acm.org/citation.cfm?id=1551758.1551760},
 acmid = {1551760},
 publisher = {IOS Press},
 address = {Amsterdam, The Netherlands, The Netherlands},
 keywords = {ROC analysis, abstaining classifiers, cost-sensitive classification, isometrics, reliable classifiers},
}

@article{fawcett_2006,
 author = {Tom Fawcett},
 title = {An Introduction to ROC Analysis},
 journal = {Pattern Recogn. Lett.},
 issue_date = {June 2006},
 volume = {27},
 number = {8},
 month = jun,
 year = {2006},
 issn = {0167-8655},
 pages = {861--874},
 numpages = {14},
 url = {http://dx.doi.org/10.1016/j.patrec.2005.10.010},
 doi = {10.1016/j.patrec.2005.10.010},
 acmid = {1159475},
 publisher = {Elsevier Science Inc.},
 address = {New York, NY, USA},
 keywords = {Classifier evaluation, Evaluation metrics, ROC analysis},
}

@article{barber_et_al_1996,
 author = {Barber, C. Bradford and Dobkin, David P. and Dobkin, David P. and Huhdanpaa, Hannu},
 title = {The Quickhull Algorithm for Convex Hulls},
 journal = {ACM Trans. Math. Softw.},
 issue_date = {Dec. 1996},
 volume = {22},
 number = {4},
 month = dec,
 year = {1996},
 issn = {0098-3500},
 pages = {469--483},
 numpages = {15},
 url = {http://doi.acm.org/10.1145/235815.235821},
 doi = {10.1145/235815.235821},
 acmid = {235821},
 publisher = {ACM},
 address = {New York, NY, USA},
 keywords = {Delaunay triangulation, Voronoi diagram, convex hull, halfspace intersection},
}

@article{hunter_2007,
  Author    = {Hunter, J. D.},
  Title     = {Matplotlib: A 2D graphics environment},
  Journal   = {Computing in Science \& Engineering},
  Volume    = {9},
  Number    = {3},
  Pages     = {90--95},
  abstract  = {Matplotlib is a 2D graphics package used for Python for
  application development, interactive scripting, and publication-quality
  image generation across user interfaces and operating systems.},
  publisher = {IEEE COMPUTER SOC},
  doi       = {10.1109/MCSE.2007.55},
  year      = 2007
}

@article{vovk_et_al_2016,
  author    = {Vladimir Vovk and
               Valentina Fedorova and
               Ilia Nouretdinov and
               Alexander Gammerman},
  title     = {Criteria of efficiency for conformal prediction},
  journal   = {CoRR},
  volume    = {abs/1603.04416},
  year      = {2016},
  url       = {http://arxiv.org/abs/1603.04416},
  archivePrefix = {arXiv},
  eprint    = {1603.04416},
  timestamp = {Mon, 13 Aug 2018 16:47:41 +0200},
  biburl    = {https://dblp.org/rec/bib/journals/corr/VovkFNG16},
  bibsource = {dblp computer science bibliography, https://dblp.org}
}

@inproceedings{papadopoulos_et_al_2007,
title = "Conformal Prediction with Neural Networks",
author = "Harris Papadopoulos and Vladimir Vovk and Alex Gammerman",
year = "2007",
month = "11",
pages = "388 - 395",
volume = "2",
isbn = "978-0-7695-3015-4",
journal = "Proceedings - International Conference on Tools with Artificial Intelligence, ICTAI",
doi = "10.1109/ICTAI.2007.47"
}

@inproceedings{sklearn_api,
  author    = {Lars Buitinck and Gilles Louppe and Mathieu Blondel and
               Fabian Pedregosa and Andreas Mueller and Olivier Grisel and
               Vlad Niculae and Peter Prettenhofer and Alexandre Gramfort
               and Jaques Grobler and Robert Layton and Jake VanderPlas and
               Arnaud Joly and Brian Holt and Ga{\"{e}}l Varoquaux},
  title     = {{API} design for machine learning software: experiences from the scikit-learn
               project},
  booktitle = {ECML PKDD Workshop: Languages for Data Mining and Machine Learning},
  year      = {2013},
}

@inproceedings{nouretdinov_et_al_2001,
    title = "Ridge Regression Confidence Machine",
    author = "Ilia Nouretdinov and Tom Melluish and Vladimir Vovk",
    booktitle = "In Proceedings of the Eighteenth International Conference on Machine Learning",
    year = "2001",
    pages = "385--392",
    publisher = "Morgan Kaufmann"
}

@inproceedings{carlsson_et_al_2014,
author="Carlsson, Lars
and Eklund, Martin
and Norinder, Ulf",
editor="Iliadis, Lazaros
and Maglogiannis, Ilias
and Papadopoulos, Harris
and Sioutas, Spyros
and Makris, Christos",
title="Aggregated Conformal Prediction",
booktitle="Artificial Intelligence Applications and Innovations",
year="2014",
publisher="Springer Berlin Heidelberg",
address="Berlin, Heidelberg",
pages="231--240",
isbn="978-3-662-44722-2"
}

@inproceedings{papadopoulos_et_al_2002,
author="Papadopoulos, Harris
and Proedrou, Kostas
and Vovk, Volodya
and Gammerman, Alex",
editor="Elomaa, Tapio
and Mannila, Heikki
and Toivonen, Hannu",
title="Inductive Confidence Machines for Regression",
booktitle="Machine Learning: ECML 2002",
year="2002",
publisher="Springer Berlin Heidelberg",
address="Berlin, Heidelberg",
pages="345--356",
isbn="978-3-540-36755-0"
}

@inproceedings{vovk_et_al_2014,
 author = {Vovk, Vladimir and Petej, Ivan},
 title = {Venn-Abers Predictors},
 booktitle = {Proceedings of the Thirtieth Conference on Uncertainty in Artificial Intelligence},
 series = {UAI'14},
 year = {2914},
 isbn = {978-0-9749039-1-0},
 location = {Quebec City, Quebec, Canada},
 pages = {829--838},
 numpages = {10},
 url = {http://dl.acm.org/citation.cfm?id=3020751.3020837},
 acmid = {3020837},
 publisher = {AUAI Press},
 address = {Arlington, Virginia, United States},
}

@misc{keras,
  title={Keras},
  author={Chollet, Fran\c{c}ois and others},
  year={2015},
  howpublished={\url{https://keras.io}},
}

@misc{scipy,
  author =    {Eric Jones and Travis Oliphant and Pearu Peterson and others},
  title =     {{SciPy}: Open source scientific tools for {Python}},
  year =      {2001--2019},
  url = "http://www.scipy.org/",
  note = {[Online; accessed 14.06.2019]}
}
